@Book{Julich,
author = {Eva Pavarini, Eric Koch, and Ulrich Schollw\"ock},
title = {Emergent Phenomena in Correlated Matter},
publisher = {Forschungszentrum J\"ulich GmbH Institute for Advanced Simulation},
year = {2013}
}

@Book{Bernu_book,
author = {B. Bernu, D. M. Ceperley},
editor = {J. Grotendorst, D. Marx and A. Muramtsu},
title = {Quantum Simulations of Complex Many-Body Systems:
From Theory to Algorithms},
publisher = {John von Neumann Institute for Computing},
year = {2002},
volume = {10}
}

@article{Ceperley_PIMC-review,
  title = {Path integrals in the theory of condensed helium},
  author = {Ceperley, D. M.},
  journal = {Rev. Mod. Phys.},
  volume = {67},
  issue = {2},
  pages = {279--355},
  numpages = {0},
  year = {1995},
  month = {Apr},
  publisher = {American Physical Society},
  doi = {10.1103/RevModPhys.67.279},
  url = {http://link.aps.org/doi/10.1103/RevModPhys.67.279}
}

@Book{QMC_book,
author = {M. P. Nightingale and C. J. Umrigar},
title = {Quantum Monte Carlo Methods in Physics and Chemistry},
publisher = {Kluwer Academic Publishers},
year = {1998}
}
